<?xml version="1.0" encoding="UTF-8"?><collection xmlns="http://www.loc.gov/MARC21/slim"><record><leader>00444nam--2200169-i-4500</leader><controlfield tag="001">000047824</controlfield><controlfield tag="002">20161230</controlfield><controlfield tag="005">20170113135545</controlfield><controlfield tag="008">060222s1000------------r-----000-0-eng-d</controlfield><datafield ind1=" " ind2=" " tag="080"><subfield code="a">53(075.8)</subfield></datafield><datafield ind1=" " ind2=" " tag="100"><subfield code="a">Young, Hugh D</subfield></datafield><datafield ind1=" " ind2=" " tag="245"><subfield code="a">Fizica</subfield><subfield code="c">Traducerea: Irinel Caprini si Liliana Micu</subfield></datafield><datafield ind1=" " ind2=" " tag="260"><subfield code="a">Bucuresti</subfield><subfield code="b">Ed.Didact.Si Pedagogica</subfield><subfield code="c">1983</subfield></datafield><datafield ind1=" " ind2=" " tag="300"><subfield code="a">824 p</subfield></datafield><datafield ind1=" " ind2=" " tag="700"><subfield code="a">Sears, Francis W</subfield></datafield><datafield ind1=" " ind2=" " tag="852"><subfield code="a">71606</subfield></datafield><datafield ind1=" " ind2=" " tag="CAT"><subfield code="a">SYS</subfield><subfield code="c">20170113</subfield><subfield code="h">135545</subfield></datafield></record></collection>